% The example bibliographical entries below were borrowed from the
% <https://www.ctan.org/pkg/biblatex-iso690> package documentation.

% BORGMAN, Christine L., 2003. From Gutenberg to the global information
% infrastructure: access to information in the networked world. First. Cambridge
% (Mass): The MIT Press. ISBN 0-262-52345-0 [xviii, 324]

@article{bale_barner2009interpretation,
  title={The interpretation of functional heads: {U}sing comparatives to explore the mass/count distinction},
  author={Bale, Alan C and Barner, David},
  journal={Journal of {S}emantics},
  volume={26},
  number={3},
  pages={217--252},
  year={2009},
  publisher={Oxford University Press}
}

@article{przepiorkowski2008generalised,
  title={Generalised quantifier restrictions on the arguments of the {P}olish distributive preposition {PO}},
  author={Przepi{\'o}rkowski, Adam},
  journal={{\'E}tudes Cognitives},
  volume={8},
  pages={159--177},
  year={2008}
}

@inproceedings{kratzer_shimoyama2002indeterminate,
  title={Indeterminate pronouns: {T}he view from {J}apanese},
  author={Kratzer, Angelika and Shimoyama, Junko},
  booktitle={The {P}roceedings of the {T}hird {T}okyo {C}onference on {P}sycholinguistics},
  editor={Otsu, Yokio},
  pages={1--25},
  year={2002},
  publisher={Hituzi Syobo},
  address={Tokio}
}

@inproceedings{alonso-ovalle_menendez-benito2003some,
  title={Some epistemic indefinites},
  author={Alonso-Ovalle, Luis and Men{\'e}ndez-Benito, Paula},
  booktitle={Proceedings of the {N}orth {E}ast {L}inguistic {S}ociety 33},
  editor={Kadowaki, Makoto and Kawahara, Shigeto},
  pages={1--12},
  year={2003},
  address={University of Massachusetts, Amherst},
  publisher={GLSA}
}

@article{matthewson1998interpretation,
  title={On the interpretation of wide-scope indefinites},
  author={Matthewson, Lisa},
  journal={Natural {L}anguage {S}emantics},
  volume={7},
  number={1},
  pages={79--134},
  year={1998},
  publisher={Springer}
}

@article{babby1987case,
  title={Case, prequantifiers, and discontinuous agreement in {R}ussian},
  author={Babby, Leonard H},
  journal={Natural {L}anguage \& {L}inguistic {T}heory},
  volume={5},
  number={1},
  pages={91--138},
  year={1987},
  publisher={Springer}
}

@incollection{greenberg1978generalizations,
  address={Stanford, CA},
  author={Greenberg, Joseph H},
  booktitle={Universals of {H}uman {L}anguage},
  editor={Greenberg, Joseph H},
  publisher={Stanford University Press},
  title={Generalizations about numeral systems},
  volume={3},
  pages={249--295},
  year={1978}
}

@incollection{gvozdanovic1999some,
  address={Berlin/New York},
  author={Gvozdanovi{\'\c}, Jadranka},
  booktitle={Numeral {T}ypes and {C}hanges {W}orldwide},
  editor={Gvozdanovi{\'\c}, Jadranka},
  publisher={Mouton de Gruyter},
  title={Some remarks on numeral morphosyntax in {S}lavic},
  pages={187--196},
  year={1999}
}

@unpublished{miechowicz-mathiasen2011syntax,
  title={The syntax of {P}olish cardinal numerals},
  author={Miechowicz-Mathiasen, Katarzyna},
  note={Unpublished manuscript, November 2011, Adam Mickiewicz University. Available online on LingBuzz},
  year={2011}
}

@article{rotstein_winter2004total,
  title={Total adjectives vs. partial adjectives: {S}cale structure and higher-order modifiers},
  author={Rotstein, Carmen and Winter, Yoad},
  journal={Natural {L}anguage {S}emantics},
  volume={12},
  number={3},
  pages={259--288},
  year={2004},
  publisher={Springer}
}

@book{griffin1977relative,
  title={Relative {I}dentity},
  author={Griffin, Nicholas},
  year={1977},
  publisher={Oxford University Press},
  address={Oxford}
}

@unpublished{docekal_wagiel-toappear-decomposing,
  address={?},
  author={Do{\v{c}}ekal, Mojm{\'\i}r and W{\k{a}}giel, Marcin},
  booktitle={?},
  editor={?},
  publisher={?},
  title={Decomposing derived collectives in {W}est {S}lavic: {E}xperimental evidence from {C}zech and {P}olish},
  year={to appear}
}

@incollection{grimm_docekal-toappear-counting,
  address={?},
  author={Grimm, Scott and Do{\v{c}}ekal, Mojm{\'\i}r},
  booktitle={?},
  editor={?},
  publisher={?},
  title={Counting aggregates, groups and kinds:
{C}ountability from the perspective of a
morphologically complex language},
  year={to appear}
}

@article{kimchi1993basic,
  title={Basic-level categorization and part-whole perception in children},
  author={Kimchi, Ruth},
  journal={Bulletin of the {P}sychonomic {S}ociety},
  volume={31},
  number={1},
  pages={23--26},
  year={1993},
  publisher={Springer}
}

@incollection{gil2013numeral,
  address={Leipzig},
  author={Gil, David},
  booktitle={The {W}orld {A}tlas of {L}anguage {S}tructures {O}nline},
  editor={Dryer, Matthew S and Haspelmath, Martin},
  publisher={Max Planck Institute for Evolutionary Anthropology},
  title={Numeral Classifiers},
  year={2013}
}

@book{lyons1977semantics,
  title={Semantics},
  author={Lyons, John},
  volume={2},
  year={1977},
  publisher={Cambridge University Press},
  address={Cambridge}
}

@book{rothstein2017semantics,
  title={Semantics for {C}ounting and {M}easuring},
  author={Rothstein, Susan},
  year={2017},
  publisher={Cambridge University Press},
  address={Cambridge}
}Cambridge

@article{boisvert_standing_moller1999successful,
  title={Successful part-whole perception in young children using multiple-choice tests},
  author={Boisvert, Martine and Standing, Lionel and Moller, Lora},
  journal={The {J}ournal of {G}enetic {P}sychology},
  volume={160},
  number={2},
  pages={167--180},
  year={1999},
  publisher={Taylor \& Francis}
}

@article{quinn_burke_rush1993part,
  title={Part—whole perception in early infancy: {E}vidence for perceptual grouping produced by lightness similarity},
  author={Quinn, Paul C and Burke, Sherry and Rush, Amy},
  journal={Infant {B}ehavior and {D}evelopment},
  volume={16},
  number={1},
  pages={19--42},
  year={1993},
  publisher={Elsevier}
}

@article{elkind_koegler_go1964studies,
  title={Studies in perceptual development: II. Part-whole perception},
  author={Elkind, David and Koegler, Ronald R and Go, Elsie},
  journal={Child {D}evelopment},
  pages={81--90},
  year={1964},
  publisher={JSTOR}
}

@article{hollich_golinkoff_hirsh-pasek2007young,
  title={Young children associate novel words with complex objects rather than salient parts.},
  author={Hollich, George and Golinkoff, Roberta M and Hirsh-Pasek, Kathy},
  journal={Developmental {P}sychology},
  volume={43},
  number={5},
  pages={1051--1061},
  year={2007},
  publisher={American Psychological Association}
}

@article{spelke1990principles,
  title={Principles of object perception},
  author={Spelke, Elizabeth S},
  journal={Cognitive {S}cience},
  volume={14},
  number={1},
  pages={29--56},
  year={1990},
  publisher={Wiley Online Library}
}

@article{hansen_markman2009children,
  title={Children's use of mutual exclusivity to learn labels for parts of objects.},
  author={Hansen, Mikkel B and Markman, Ellen M},
  journal={Developmental {P}sychology},
  volume={45},
  number={2},
  pages={592--596},
  year={2009},
  publisher={American Psychological Association}
}

@article{markman1990constraints,
  title={Constraints children place on word meanings},
  author={Markman, Ellen M},
  journal={Cognitive {S}cience},
  volume={14},
  number={1},
  pages={57--77},
  year={1990},
  publisher={Wiley Online Library}
}

@inproceedings{arsenijevic2010ethnic,
  title={Ethnic adjectives are proper adjectives},
  author={Arsenijevi{\'c}, Boban and Boleda Torrent, Gemma and Gehrke, Berit and McNally, Louise},
  booktitle={Proceedings of the 46th {A}nnual {M}eeting of the {C}hicago {L}inguistic {S}ociety},
  editor={Baglini, Rebekah and Grinsell, Timothy and Keane, Jonathan and Singerman, Adam R and Thomas, Julia},
  pages={17--30},
  year={2010}
}

@book{bouchard2002adjectives,
  title={Adjectives, {N}umber and {I}nterfaces: {W}hy {L}anguages {V}ary},
  author={Bouchard, Denis},
  year={2002},
  publisher={Elsevier Science},
  address={Amsterdam}
}

@article{bosque1996postnominal,
  title={Postnominal adjectives in {S}panish {DPs}},
  author={Bosque, Ignacio and Picallo, Carme},
  journal={Journal of {L}inguistics},
  volume={32},
  number={2},
  pages={349--385},
  year={1996},
  publisher={Cambridge University Press}
}

@article{cetnarowska2013representational,
  title={The Representational approach to adjective placement in {P}olish},
  author={Cetnarowska, Bo{\.z}ena},
  journal={Linguistica {S}ilesiana},
  volume={34},
  pages={7--22},
  year={2013}
}

@incollection{cetnarowska_et_al2010accounting,
  title={Accounting for some flexibility in a rigid construction: {O}n the position of classificatory adjectives in {P}olish},
  author={Cetnarowska, Bo{\.z}ena and Pysz, Agnieszka and Trugman, Helen},
  booktitle={Generative {I}nvestigations: {S}yntax, {M}orphology, and {P}honology},
  editor={Bański, Piotr and Łukaszewicz, Beata and Opalińska, Monika and Zalewska, Joanna},
  address={Newcastle upon Tyne},
  publisher={Cambridge scholars publishing},
  year={2010},
  pages={24--47}
}

@incollection{kamp1975two,
  title={Two theories about adjectives},
  author={Kamp, Hans},
  booktitle={Formal {S}emantics of {N}atural {L}anguage: {P}apers from a {C}olloquium {S}ponsored by the {K}ing’s {C}ollege {R}esearch {C}entre, {C}ambridge},
  editor={Keenan, Edward L},
  year={1975},
  pages={123--155},
  publisher={Cambridge University Press},
  address={Cambridge, MA}
}

@article{linde2013position,
  title={A position on classificatory adjectives in {P}olish},
  author={Linde-Usiekniewicz, Jadwiga},
  journal={Studies in {P}olish {L}inguistics},
  volume={8},
  number={3},
  pages={103--126},
  year={2013}
}

@inproceedings{larson1998events,
  title={Events and modification in nominals},
  author={Larson, Richard K},
  booktitle={Proceedings of {S}emantics and {L}inguistic {T}heory 8},
  editor={Strolovitch, Devon and Lawson, Aaron},
  pages={145--168},
  year={1998},
  address={Ithaca, NY},
  publisher={CLC Publications}
}

@incollection{partee2010privative,
  title={Privative adjectives: {S}ubsective plus coercion},
  author={Partee, Barbara H},
  booktitle={Presuppositions and discourse: {E}ssays offered to {H}ans {K}amp},
  editor={B\"{a}uerle, Rainer and Reyle, Uwe and Zimmermann, Thomas E},
  year={2010},
  pages={273--285},
  address={Bingley},
  publisher={Emerald Group Publishing Limited}
}

@article{partee2009formal,
  title={Formal semantics, lexical semantics, and compositionality: {T}he puzzle of privative adjectives},
  author={Partee, Barbara},
  journal={Philologia},
  volume={7},
  pages={7--19},
  year={2009}
}

@article{parsons1970some,
  title={Some problems concerning the logic of grammatical modifiers},
  author={Parsons, Terence},
  journal={Synthese},
  volume={21},
  number={3},
  pages={320--334},
  year={1970},
  publisher={Springer}
}

@inproceedings{rutkowski2006syntactic,
  title={The syntactic properties and diachronic development of postnominal adjectives in {P}olish},
  author={Rutkowski, Pawe{\l}},
  booktitle={Formal {A}pproaches to {S}lavic {L}inguistics: {T}he {T}oronto {M}eeting 2006},
  editor={Compton, Richard and Goledzinowska, Magdalena and Savchenko, Ulyana},
  pages={326--345},
  year={2006},
  publisher={Michigan Slavic Publications},
  address={Ann Arbor, MI}
}

@book{rutkowski2009fraza,
  title={Fraza przedimkowa w polszczy{\'z}nie},
  author={Rutkowski, Pawe{\l}},
  year={2009},
  publisher={Wydzia{\l} Polonistyki Uniwersytetu Warszawskiego},
  address={Warsaw}
}

@article{rutkowski2012np,
  title={Is {nP} part of {U}niversal {G}rammar?},
  author={Rutkowski, Pawe{\l}},
  journal={Journal of {U}niversal {L}anguage},
  volume={13},
  number={2},
  pages={119--144},
  year={2012}
}

@inproceedings{rutkowski_progovac2005classification,
  title={Classification projection in {P}olish and {S}erbian: {T}he position and shape of classifying adjectives},
  author={Rutkowski, Pawe{\l} and Progovac, Ljiljana},
  booktitle={Formal {A}pproaches to {S}lavic {L}inguistics: {T}he {S}outh {C}arolina {M}eeting 2004},
  editor={Franks, Steven and Gladney, Frank Y and Tasseva-Kurktchieva, Mila},
  pages={289--299},
  year={2005},
  publisher={Michigan Slavic Publications},
  address={Ann Arbor, MI}
}

@phdthesis{siegel1976capturing,
  title={Capturing the {A}djective},
  author={Siegel, Muffy},
  year={1976},
  school={University of Massachusetts, Amherst}
}

@incollection{miechowicz-mathiasen2012licensing,
  title={Licensing {P}olish higher numerals: {A}n account of the {A}ccusative {H}ypothesis},
  author={Miechowicz-Mathiasen, Katarzyna},
  booktitle={Current {I}ssues in {G}enerative {L}inguistics},
  editor={B{\l}aszczak, Joanna and Rozwadowska, Bo{\.z}ena and Witkowski, Wojciech},
  pages={57--75},
  year={2012},
  address={Wroc{\l}aw},
  publisher={CGCL}
}

@article{zweig2009number,
  title={Number-neutral bare plurals and the multiplicity implicature},
  author={Zweig, Eytan},
  journal={Linguistics and {P}hilosophy},
  volume={32},
  number={4},
  pages={353--407},
  year={2009},
  publisher={Springer}
}

@book{schwarzschild1991meaning,
  title={On the {M}eaning of {D}efinitive {P}lural {N}oun {P}hrases},
  author={Schwarzschild, Roger},
  year={1991},
  publisher={University of Massachusetts},
  address={Amherst}
}

@incollection{spector2007aspects,
  title={Aspects of the pragmatics of plural morphology: {O}n higher-order implicatures},
  author={Spector, Benjamin},
  booktitle={Presupposition and {I}mplicature in {C}ompositional {S}emantics},
  editors={Sauerland, Uli and Stateva, Penka},
  pages={243--281},
  year={2007},
  publisher={Palgrave/MacMillan},
  address={New York}
}

@incollection{de_swart_zwarts2010optimization,
  title={Optimization principles in the typology of number and articles},
  author={de Swart, Henri{\"e}tte and Zwarts, Joost},
  booktitle={The {O}xford {H}andbook of {L}inguistic {A}nalysis},
  editor={Heine, Bernd and Narrog, Heiko},
  pages={555--581},
  year={2010},
  publisher={Oxford University Press},
  address={Oxford}
}

@inproceedings{grimm2013plurality,
  title={Plurality is distinct from number neutrality},
  author={Grimm, Scott},
  booktitle={Proceedings of the 41st {A}nnual {M}eeting of the {N}orth {E}ast {L}inguistic {S}ociety},
  editor={Fainleib, Lena and LaCara, Nick and Park, Yangsook},
  volume={1},
  year={2013},
  pages={247--258},
  address={Amherst},
  publisher={University of Massachusetts}
}

@incollection{krifka_et_al1995introduction,
  title={Genericity: {A}n introduction},
  author={Krifka, Manfred and Pelletier, Francis J and Carlson, Gregory N and Chierchia, Gennaro and Link, Godehard and Ter Meulen, Alice},
  booktitle={The {G}eneric {B}ook},
  editor={Carlson, Gregory N and Pelletier, Francis J},
  pages={1--124},
  year={1995},
  address={Chicago},
  publisher={University of Chicago Press}
}

@incollection{krifka1989nominal,
  title={Nominal reference, temporal constitution and quantification in event semantics},
  author={Krifka, Manfred},
  booktitle={Semantics and {C}ontextual {E}xpression},
  editor={Bartsch, Renate and van Benthem, Johan and von Emde Boas, Peter},
  pages={75--115},
  address={Dordrecht},
  publisher={Foris Publications},
  year={1989}
}

@article{krifka1990four,
  title={Four thousand ships passed through the lock: {O}bject-induced measure functions on events},
  author={Krifka, Manfred},
  journal={Linguistics and {P}hilosophy},
  volume={13},
  number={5},
  pages={487--520},
  year={1990},
  publisher={Springer}
}

@inproceedings{krifka1990boolean,
  title={Boolean and non-{B}oolean `and'},
  author={Krifka, Manfred},
  booktitle={Papers from the {S}econd {S}ymposium on {L}ogic and {L}anguage},
  editor={Kálmán, László and Polos, László},
  pages={161--188},
  year={1990},
  address={Budapest},
  publisher={Akad{\'e}miai Kiad{\'o}}
}

@incollection{gerstner-link_krifka1993genericity,
  title={Genericity},
  author={Gerstner-Link, Claudia and Krifka, Manfred},
  booktitle={Syntax: {A}n {I}nternational {H}andbook of {C}ontemporary {R}esearch},
  editor={Jacobs, Joachim and von Stechow, Arnim and Sternefeld, Wolfgang and Vennemann, Theo},
  pages={966--978},
  address={Berlin},
  publisher={de Gruyter},
  year={1993}
}

@incollection{krifka1995common,
  title={Common nouns: {A} contrastive analysis of {C}hinese and {E}nglish},
  author={Krifka, Manfred},
  booktitle={The {G}eneric {B}ook},
  editor={Carlson, Gregory N and Pelletier, Francis Jeffry},
  pages={398--411},
  year={1995},
  address={Chicago},
  publisher={University of Chicago Press}
}

@incollection{krifka1998origins,
  title={The origins of telicity},
  author={Krifka, Manfred},
  booktitle={Events and {G}rammar},
  editor={Rothstein, Susan},
  pages={197--235},
  year={1998},
  address={Dordrecht},
  publisher={Kluwer Academic Publishers}
}

@incollection{krifka1999least,
  title={At least some determiners aren’t determiners},
  author={Krifka, Manfred},
  booktitle={The {S}emantics/{P}ragmatics {I}nterface from {D}ifferent {P}oints of {V}iew},
  editor={Turner, Ken},
  pages={257--291},
  address={Oxford},
  publisher={Elsevier},
  year={1999}
}

@inproceedings{krifka2003bare,
  title={Bare {NPs}: {K}ind-referring, indefinites, both, or neither?},
  author={Krifka, Manfred},
  booktitle={Proceedings of {S}emantics and {L}inguistic {T}heory 13},
  editor={Young, Rob and Zhou, Yuping},
  pages={180--203},
  address={Ithaca, NY},
  publisher={CLC Publications},
  year={2003}
}

@article{landman1989groupsi,
  title={Groups, {I}},
  author={Landman, Fred},
  journal={Linguistics and {P}hilosophy},
  volume={12},
  number={5},
  pages={559--605},
  year={1989},
  publisher={Springer}
}

@article{landman1989groupsii,
  title={Groups, {II}},
  author={Landman, Fred},
  journal={Linguistics and {P}hilosophy},
  volume={12},
  number={6},
  pages={723--744},
  year={1989},
  publisher={Springer}
}

@article{barwise_cooper1981generalized,
  title={Generalized quantifiers and natural language},
  author={Barwise, Jon and Cooper, Robin},
  journal={Linguistics and {P}hilosophy},
  volume={4},
  number={2},
  pages={159--219},
  year={1981},
  publisher={Springer}
}

@article{barker1992group,
  title={Group terms in {E}nglish: {R}epresenting groups as atoms},
  author={Barker, Chris},
  journal={Journal of {S}emantics},
  volume={9},
  number={1},
  pages={69--93},
  year={1992},
  publisher={Oxford University Press}
}

@book{schwarzschild1996pluralities,
  title={Pluralities},
  author={Schwarzschild, Roger},
  volume={61},
  year={1996},
  address={Dordrecht},
  publisher={Kluwer Academic Publishers}
}

@inproceedings{pearson2011new,
  title={A new semantics for group nouns},
  author={Pearson, Hazel},
  booktitle={Proceedings of the 28th {W}est {C}oast {C}onference on {F}ormal {L}inguistics},
  editor={Washburn, Mary Byram and McKinney-Bock, Katherine and Varis, Erika and Sawyer, Ann and Tomaszewicz, Barbara},
  volume={28},
  pages={160--168},
  year={2011},
  address={Somerville, MA},
  publisher={Cascadilla Proceedings Project}
}

@article{henderson2017swarms,
  title={Swarms: {S}patiotemporal grouping across domains},
  author={Henderson, Robert},
  journal={Natural {L}anguage \& {L}inguistic {T}heory},
  volume={35},
  number={1},
  pages={161--203},
  year={2017},
  publisher={Springer}
}

@phdthesis{henderson2012ways,
  title={Ways of {P}luralizing {E}vents},
  author={Henderson, Robert Martin},
  year={2012},
  school={University of California, Santa Cruz}
}

@book{dotlacil2010anaphora,
  title={Anaphora and distributivity: {A} study of `same', `different', reciprocals and `others'},
  author={Dotla\v{c}il, Jakub},
  year={2010},
  address={Utrecht},
  publisher={LOT}
}

@article{beck2000semantics,
  title={The semantics of `different': {C}omparison operator and relational adjective},
  author={Beck, Sigrid},
  journal={Linguistics and {P}hilosophy},
  volume={23},
  number={2},
  pages={101--139},
  year={2000},
  publisher={Springer}
}

@article{yoon1996total,
  title={Total and partial predicates and the weak and strong interpretations},
  author={Yoon, Youngeun},
  journal={Natural {L}anguage {S}emantics},
  volume={4},
  number={3},
  pages={217--236},
  year={1996},
  publisher={Springer}
}

@inproceedings{kennedy_mcnally1999event,
  title={From event structure to scale structure: {D}egree modification in deverbal adjectives},
  author={Kennedy, Christopher and McNally, Louise},
  booktitle={Proceedings of {S}emantics and {L}inguistic {T}heory 9},
  volume={9},
  pages={163--180},
  year={1999},
  address={Ithaca, NY},
  publisher={CLC Publications}
}

@article{krol2015sposoby,
  title={Sposoby wyra{\.z}ania mnogo{\'s}ci zbiorowej w j{\k{e}}zyku polskim i w j{\k{e}}zyku arabskim},
  author={Kr{\'o}l, Iwona},
  journal={Polonica},
  volume={35},
  pages={219--229},
  year={2015}
}

@phdthesis{szalkiewicz2013singularia,
  title={Singularia tantum w j{\k{e}}zyku polskim. {A}naliza s{\l}ownikowo-korpusowa},
  author={Sza{\l}kiewicz, {\L}ukasz},
  school={Uniwersytet Warszawski, Warsaw},
  year={2013}
}

@book{habrajska1995collectiva,
  title={Collectiva w j{\k{e}}zyku polskim},
  author={Habrajska, Gra{\.z}yna},
  year={1995},
  address={{\L}{\'o}d{\'z}},
  publisher={Wydawnictwo Uniwersytetu {\L}{\'o}dzkiego}
}

@book{feleszko1980funkcje,
  title={Funkcje form kategorii liczby w polskiej grupie imiennej},
  author={Feleszko, Kazimierz},
  year={1980},
  address={Warsaw},
  publisher={Wydawnictwo Uniwersytetu Warszawskiego}
}

@incollection{krumova1989kategoria,
  title={Kategoria ilo{\'s}ci i jej wyra{\.z}anie w j{\k{e}}zyku bu{\l}garskim i polskim},
  author={Krumova, Lilia},
  booktitle={Studia gramatyczne bu{\l}garsko-polskie. {I}lo{\'s}{\'c}, gradacja, osoba},
  editor={Koseska-Toszewa, Violetta and Korytkowska, Ma{\l}gorzata},
  volume={3},
  pages={27--44},
  year={1989},
  address={Wroc{\l}aw},
  publisher={Ossolineum}
}

@incollection{kratzer2008plurality,
  title={On the plurality of verbs},
  author={Kratzer, Angelika},
  booktitle={Event {S}tructures in {L}inguistic {F}orm and {I}nterpretation},
  editor={D\"{o}lling, Johannes and Heyde-Zybatow, Tatjana and Sch\"{a}fer, Martin},
  pages={269--300},
  year={2008},
  address={Berlin},
  publisher={Mouton de Gruyter}
}

@book{corbett2000number,
  address={Cambridge},
  author={Corbett, Greville G},
  publisher={Cambridge University Press},
  title={Number},
  year={2000}
}

@article{corbett1978universals,
  title={Universals in the syntax of cardinal numerals},
  author={Corbett, Greville G},
  journal={Lingua},
  volume={46},
  number={4},
  pages={355--368},
  year={1978},
  publisher={Elsevier}
}

incollection{belic2008minor,
  author={Beli{\'c}, Bojan},
  year={2008},
  title={Minor paucal in {S}erbian},
  booktitle={Formal {D}escription of {S}lavic {L}anguages: {T}he {F}ifth {C}onference, {L}eipzig 2003},
  editor={Zybatow, Gerhild and Szucsich, Luka and Junghanns, Uwe and Meyer, Roland},
  address={Frankfurt am Main},
  publisher={Peter Lang},
  pages={258--269}
}

@mastersthesis{saric2014numeral,
  title={Numeral {I}nduced {A}greement {M}ismatches in {S}erbo-{C}roatian},
  author={{\v{S}}ari{\'c}, Anja},
  year={2014},
  school={Utrecht University}
}

@article{bach1986algebra,
  title={The algebra of events},
  author={Bach, Emmon},
  journal={Linguistics and {P}hilosophy},
  volume={9},
  number={1},
  pages={5--16},
  year={1986},
  publisher={Springer}
}

@book{link1998algebraic,
  title={Algebraic {S}emantics in {L}anguage and {P}hilosophy},
  author={Link, Godehard},
  address={Stanford},
  publisher={CSLI},
  year={1998}
}

@article{link1983logical,
  title={The logical analysis of plural and mass nouns: {A} lattice--theoretical approach},
  author={Link, Godehard},
  booktitle={Meaning, {U}se, and {I}nterpretation of {L}anguage},
  editor={B\"{a}uerle, Rainer and Schwarze, Christoph and von Stechow, Arnim},
  pages={302--323},
  address={Berlin},
  publisher={Mouton de Gruyter},
  year={1983}
}

@incollection{cheng1973comments,
  title={Comments on {M}oravcsik’s paper},
  author={Cheng, Chung-Ying},
  booktitle={Approaches to {N}atural {L}anguage},
  editor={Hintikka, Jaakko and Moravcsik, Julius and Suppes, Patrick},
  pages={286--288},
  year={1973},
  publisher={Reidel},
  address={Dordrecht}
}

@book{cruse1986lexical,
  title={Lexical {S}emantics},
  author={Cruse, D Alan},
  year={1986},
  publisher={Cambridge University Press},
  address={Cambridge}
}

@incollection{davidson1967logical,
  title={The logical form of action sentences},
  author={Davidson, Donald},
  booktitle={The {L}ogic of {D}ecision and {A}ction},
  editor={Rescher, Nicholas},
  year={1967},
  address={Pittsburgh},
  publisher={University of Pittsburgh Press},
  pages={81--95}
}

@incollection{champollion_krifka2015mereology,
  title={Mereology},
  author={Champollion, Lucas and Krifka, Manfred},
  journal={Cambridge {H}andbook of {F}ormal {S}emantics},
  editor={Aloni, Maria and Dekker, Paul},
  address={Cambridge},
  publisher={Cambridge University Press},
  year={2015}
}

@incollection{champollion_krifka2016mereology,
  title={Mereology},
  author={Champollion, Lucas and Krifka, Manfred},
  booktitle={Cambridge {H}andbook of {F}ormal {S}emantics},
  editor={Aloni, Maria and Dekker, Paul},
  address={Cambridge},
  publisher={Cambridge University Press},
  year={2016}
}

@book{champollion2017parts,
  title={Parts of a {W}hole: {D}istributivity as a {B}ridge between {A}spect and {M}easurement},
  author={Champollion, Lucas},
  year={2017},
  address={Oxford},
  publisher={Oxford University Press}
}

@phdthesis{champollion2010parts,
  title={Parts of a {W}hole: {D}istributivity as a {B}ridge between {A}spect and {M}easurement},
  author={Champollion, Lucas},
  school={University of Pennsylvania},
  year={2010}
}

@phdthesis{grimm2012number,
  title={Number and {I}ndividuation},
  author={Grimm, Scott},
  school={Stanford University, California},
  year={2012}
}

@inproceedings{bhatt2007degree,
  title={Degree quantifiers, position of merger effects with their restrictors, and conservativity},
  author={Bhatt, Rajesh and Pancheva, Roumyana},
  booktitle={Direct {C}ompositionality},
  editor={Barker, Chris and Jacobson, Pauline},
  pages={306--335},
  year={2007},
  publisher={Oxford University Press},
  address={Oxford}
}

@phdthesis{rullmann1995maximality,
  title={Maximality in the {S}emantics of wh-constructions},
  author={Rullmann, Hotze},
  year={1995},
  school={University of Massachusetts, Amherst}
}

@inproceedings{pancheva2006phrasal,
  title={Phrasal and clausal comparatives in {S}lavic},
  address={Ann Arbor},
  author={Pancheva, Roumyana},
  booktitle={Formal {A}pproaches to {S}lavic {L}inguistics 14: {T}he {P}rinceton {M}eeting 2005},
  editor={Lavine, James and Franks, Steven and Tasseva-Kurktchieva, Mila and Filip, Hana},
  pages={236--257},
  publisher={Michigan Slavic Publications},
  year={2006},
  address={Ann Arbor}
}

@article{solt2014q-adjectives,
  title={Q-adjectives and the semantics of quantity},
  author={Solt, Stephanie},
  journal={Journal of {S}emantics},
  volume={32},
  number={2},
  pages={221--273},
  year={2014},
  publisher={Oxford University Press}
}

@unpublished{khrizman2015cardinal,
  title= {Cardinal/collective alternation in {R}ussian numerals},
  author = {Khrizman, Keren},
  year = {2015},
  note= {Paper presented at Formal Description of Slavic Languages 11. 2nd--4th December 2015. University of Potsdam}
}

@unpublished{champollion2012linguistic,
  title={Linguistic applications of mereology},
  author={Champollion, Lucas},
  year={2012},
  note={Script to the 24th European Summer School in Logic, Language and Information ESSLLI 2012 course. 13th--17th August 2012. Opole, Poland}
}

@unpublished{zobel2016roles,
  title={On the notion of roles in formal semantics},
  author={Zobel, Sarah},
  year={2016},
  note={Paper presented at the Linguistics Colloquium. 2nd November 2016. University of G\"{o}ttingen}
}

@mastersthesis{gobeski2011twice,
  title= {`Twice' versus `{T}wo {T}imes' in {P}hrases of {C}omparison},
  author={Gobeski, Adam},
  year={2011},
  school={Michigan State University, East Lansing}
}

@unpublished{gobeski_morzycki2017percentages,
  title= {Percentages, relational degrees, and degree constructions},
  author = {Gobeski, Adam and Morzycki, Marcin},
  year = {2017},
  note= {Paper presented at Semantics and Linguistic Theory 27. 12th--14th May 2017. University of Maryland, Baltimore}
}

@book{quine1960word,
  title={Word and {O}bject},
  author={Quine, Willard Van Orman},
  address={Cambridge, MA},
  publisher={MIT Press},
  year={1960}
}

@book{moltmann1997parts,
  title={Parts and {W}holes in {S}emantics},
  author={Moltmann, Friederike},
  year={1997},
  address={New York},
  publisher={Oxford University Press}
}

@article{moltmann1998part,
  title={Part structures, integrity, and the mass-count distinction},
  author={Moltmann, Friederike},
  journal={Synthese},
  volume={116},
  number={1},
  pages={75--111},
  year={1998},
  publisher={Springer}
}

@inproceedings{sutton_filip2017probabilistic,
  title={A probabilistic, mereological account of the mass/count distinction},
  author={Sutton, Peter R. and Filip, Hana},
  booktitle={Logic, Language, and Computation. 11th International Tbilisi Symposium on Logic, Language, and Computation, TbiLLC 2015, Tbilisi, Georgia, September 21-26, 2015},
  editor={Hansen, Helle Hvid and Murray, Sarah E. and Sadrzadeh, Mehrnoosh and Zeevat, Henk},
  pages={146--170},
  publisher={Springer},
  address={Berlin},
  year={2017}
}

@book{casati_varzi1999parts,
  title={Parts and {P}laces: {T}he {S}tructures of {S}patial {R}epresentation},
  author={Casati, Roberto and Varzi, Achille C},
  year={1999},
  address={Cambridge, MA},
  publisher={MIT Press}
}

@book{simons1987parts,
  title={Parts: {A} {S}tudy in {O}ntology},
  author={Simons, Peter M},
  address={Oxford},
  publisher={Clarendon Press},
  year={1987}
}

@book{sowa1984conceptual,
  title={Conceptual {S}tructures: {I}nformation {P}rocessing in {M}ind and {M}achine},
  author={Sowa, John F},
  address={Reading, MA},
  publisher={Addison-Wesley},
  year={1984}
}

@article{steimann2000representation,
  title={On the representation of roles in object-oriented and conceptual modelling},
  author={Steimann, Friedrich},
  journal={Data \& {K}nowledge {E}ngineering},
  volume={35},
  number={1},
  pages={83--106},
  year={2000},
  publisher={Elsevier}
}

@inproceedings{morzycki2002wholes,
  title={Wholes and their covers},
  author={Morzycki, Marcin},
  booktitle={Proceedings of {S}emantics and {L}inguistic {T}heory 12},
  editor={Jackson, Brendan},
  pages={184--203},
  address={Ithaca, NY},
  publisher={CLC Publications},
  year={2002}
}

@phdthesis{horn1972semantic,
  title= {On the {S}emantic {P}roperties of the {L}ogical {O}perators in {E}nglish},
  author = {Horn, Laurence},
  year = {1972},
  school= {University of California, Los Angeles}
}

@incollection{wagiel2014boys,
  address={Olomouc},
  title={Boys, girls, and scissors: {A} semantic analysis of {P}olish {NPs} headed by the numeral `dwoje'},
  author={W{\k{a}}giel, Marcin},
  booktitle={Nominal {S}tructures: {A}ll in {C}omplex {DPs}},
  pages={69--84},
  year={2014},
  publisher={Palacký University},
  editor = {Veselovsk{\'a}, Ludmila and Janebov{\'a}, Mark{\'e}ta}
}

@inproceedings{wagiel2015sums,
  address={Frankfurt am Main},
  title={Sums, groups, genders, and {P}olish numerals},
  author={W{\k{a}}giel, Marcin},
  booktitle={Slavic {G}rammar from a {F}ormal {P}erspective. {T}he 10th {A}nniversary {FDSL} {C}onference, {L}eipzig 2013},
  pages={495--513},
  year={2015},
  publisher={Peter Lang},
  editor = {Zybatow, Gerhild and Biskup, Petr and Guhl, Marcel and Hurtig, Claudia and Mueller-Reichau, Olav and Yastrebova, Maria}
}

@inproceedings{wagiel2015story,
  address={Frankfurt am Main},
  title={The story of {P}olish `para': {F}rom a group noun to a measure word and indefinite quantifier},
  author={W{\k{a}}giel, Marcin},
  booktitle={Slavic {L}anguages in the {P}erspective of {F}ormal {G}rammar. {P}roceedings of {FDSL} 10.5, {B}rno 2014},
  pages={325--344},
  year={2015},
  publisher={Peter Lang},
  editor = {Zikov{\'a}, Mark{\'e}ta and Caha, Pavel and Do{\v{c}}ekal, Mojm{\'\i}r}
}

@article{wagiel2015counting,
  title={Counting minimal groups: {T}owards a unified analysis of the {P}olish measure word `para'},
  author={W{\k{a}}giel, Marcin},
  journal={Grazer {L}inguistische {S}tudien},
  volume={83},
  pages={169--177}
}

@unpublished{wagiel2015what,
  title={What do we count with multiplicative adjectives?},
  author={W{\k{a}}giel, Marcin},
  year={2015},
  note={Paper presented at Event Semantics 12. 20th--21st November 2015. University of Stuttgart}
}

@inproceedings{wagiel-toappear-entities,
  address={Frankfurt am Main},
  title={Entities, events, and their parts: {T}he semantics of multipliers in {S}lavic},
  author={W{\k{a}}giel, Marcin},
  booktitle={Current {D}evelopments in {S}lavic {L}inguistics: {T}wenty {Y}ears {A}fter},
  year={to appear},
  publisher={Peter Lang},
  editor={Kosta, Peter and Radeva-Bork, Teodora}
}

@article{hofweber2005number,
  title={Number determiners, numbers, and arithmetic},
  author={Hofweber, Thomas},
  journal={The {P}hilosophical {R}eview},
  volume={114},
  number={2},
  pages={179--225},
  year={2005},
  publisher={JSTOR}
}

@article{kennedy2001polar,
  title={Polar opposition and the ontology of `degrees'},
  author={Kennedy, Chris},
  journal={Linguistics and {P}hilosophy},
  volume={24},
  number={1},
  pages={33--70},
  year={2001},
  publisher={Springer}
}

@article{schwarzschild_wilkinson2002quantifiers,
  title={Quantifiers in comparatives: {A} semantics of degree based on intervals},
  author={Schwarzschild, Roger and Wilkinson, Karina},
  journal={Natural {L}anguage {S}emantics},
  volume={10},
  number={1},
  pages={1--41},
  year={2002},
  publisher={Springer}
}

@inproceedings{schwarzschild2002grammar,
  address={Ithaca, NY},
  title={The grammar of measurement},
  author={Schwarzschild, Roger},
  booktitle={Proceedings of {S}emantics and {L}inguistic {T}heory 12},
  pages={225--245},
  year={2002},
  publisher={CLC Publications},
  editor={Jackson, Brendan}
}

@article{bale_coon2014classifiers,
  title={Classifiers are for numerals, not for nouns: {C}onsequences for the mass/count distinction},
  author={Bale, Alan and Coon, Jessica},
  journal={Linguistic {I}nquiry},
  year={2014},
  publisher={MIT Press},
  volume={45},
  number={4}, 
  pages={695--707}
}

@book{bunt1985mass,
  title={Mass {T}erms and {M}odel-theoretic {S}emantics},
  author={Bunt, Harry C},
  year={1985},
  address={Cambridge},
  publisher={Cambridge University Press}
}

@article{carlson1984thematic,
  title={Thematic roles and their role in semantic interpretation},
  author={Carlson, Gregory N},
  journal={Linguistics},
  volume={22},
  number={3},
  pages={259--279},
  year={1984},
  publisher={Walter de Gruyter, Berlin/New York}
}

@article{rothstein2010counting,
  title={Counting and the mass/count distinction},
  author={Rothstein, Susan},
  journal={Journal of {S}emantics},
  volume={27},
  number={3},
  pages={343--397},
  year={2010},
  publisher={Oxford University Press}
}

@inproceedings{rothstein2012numericals,
  address={Cambridge, MA},
  title={Numericals: {C}ounting, measuring and classifying},
  author={Rothstein, Susan},
  booktitle={Proceedings of {S}inn und {B}edeutung 16},
  pages={527--543},
  year={2012},
  publisher={MIT Working Papers in Linguistics},
  editor={Guevara, Ana Aguilar and Chernilovskaya, Anna and Nouwen, Rick}
}

@incollection{dowty1989semantic,
  title={On the semantic content of the notion of `thematic role'},
  author={Dowty, David R},
  booktitle={Properties, {T}ypes and {M}eaning},
  editor={Partee, Barbara and Chierchia, Gennaro and Turner, Raymond},
  volume={2},
  pages={69--129},
  year={1989},
  publisher={Kluwer},
  address={Dordrecht}
}

@unpublished{arsenijevic2016gender,
  title={Gender as a grammaticalized classifier system: {T}he case of the {S}erbo-{C}roatian neuter},
  author={Arsenijevi{\'c}, Boban},
  note={Unpublished manuscript, January 2016, University of Potsdam. Available online on LingBuzz},
  year={2016}
}

@article{fassi_fehri2016semantic,
  title={Semantic gender diversity and its architecture in the grammar of {A}rabic},
  author={Fehri, Abdelkader Fassi},
  journal={Brill's {J}ournal of {A}froasiatic {L}anguages and {L}inguistics},
  volume={8},
  number={1},
  pages={154--199},
  year={2016},
  publisher={Brill}
}

@book{grimshaw1990argument,
  title={Argument {S}tructure},
  author={Grimshaw, Jane},
  year={1990},
  publisher={MIT Press},
  address={Cambridge, MA}
}

@incollection{grimshaw2011deverbal,
  title={Deverbal nominalization},
  author={Grimshaw, Jane},
  booktitle={Semantics: {A}n {I}nternational {H}andbook of {N}atural {L}anguage {M}eaning},
  editor={Maienborn, Claudia and von Heusinger, Klaus and Portner, Paul},
  volume={2},
  pages={1292--1313},
  year={2011},
  address={Berlin},
  publisher={De Gruyter Mouton}
}

@inproceedings{docekal2013numerals,
  address={Frankfurt am Main},
  title={What do we count with numerals? {S}emantic analysis of {C}zech group-denoting and kind-denoting {NPs}},
  author={Do{\v{c}}ekal, Mojm{\'\i}r},
  booktitle={Formal {D}escription of {S}lavic {L}anguages: {T}he {N}inth {C}onference. {P}roceedings of {FDSL} 9, {G}\"{o}ttingen 2011},
  pages={87--105},
  year={2013},
  publisher={Peter Lang},
  editor={Junghanns, Uwe and Fehrmann, Dorothee and Lenertov{\'a}, Denisa and Pitsch, Hagen}
}

@article{docekal2012atoms,
  title={Atoms, groups and kinds in {C}zech},
  author={Do{\v{c}}ekal, Mojm{\'\i}r},
  journal={Acta {L}inguistica {H}ungarica: {A}n {I}nternational {J}ournal of {L}inguistics},
  volume={59},
  number={1--2},
  pages={109--126},
  year={2012}
}

@inproceedings{docekal_strachonova2015freedom,
  address={Frankfurt am Main},
  title={Freedom to choose alternatives},
  author={Do{\v{c}}ekal, Mojm{\'\i}r and Stracho{\v{n}}ov{\'\a}, Hana},
  booktitle={Slavic {G}rammar from a {F}ormal {P}erspective. {T}he 10th {A}nniversary {FDSL} {C}onference, {L}eipzig 2013},
  pages={131--146},
  year={2015},
  publisher={Peter Lang},
  editor={Zybatow, Gerhild and Biskup, Petr and Guhl, Marcel and Hurtig, Claudia and Mueller-Reichau, Olav and Yastrebova, Maria}
}

@inproceedings{richtarcikova2015epistemic,
  address={Frankfurt am Main},
  title={Epistemic indefinites in {S}lovak: {A}lternatives and {E}xhaustification?},
  author={Richtarcikova, Veronika},
  booktitle={Slavic {G}rammar from a {F}ormal {P}erspective. {T}he 10th {A}nniversary {FDSL} {C}onference, {L}eipzig 2013},
  pages={397--410},
  year={2015},
  publisher={Peter Lang},
  editor={Zybatow, Gerhild and Biskup, Petr and Guhl, Marcel and Hurtig, Claudia and Mueller-Reichau, Olav and Yastrebova, Maria}
}

@inproceedings{simik2015epistemic,
  address={Frankfurt am Main},
  title={Epistemic indefinites under epistemic modals in {C}zech},
  author= {\v{S}im\'{i}k, Radek},
  booktitle={Slavic {G}rammar from a {F}ormal {P}erspective. {T}he 10th {A}nniversary {FDSL} {C}onference, {L}eipzig 2013},
  pages={425--442},
  year={2015},
  publisher={Peter Lang},
  editor={Zybatow, Gerhild and Biskup, Petr and Guhl, Marcel and Hurtig, Claudia and Mueller-Reichau, Olav and Yastrebova, Maria}
}

@phdthesis{eremina2012semantics,
  title={The {S}emantics of {R}ussian {I}ndefinite {P}ronouns: {S}cope, {D}omain {W}idening, {S}pecificity, and {P}roportionality and {T}heir {I}nteraction},
  author={Eremina, Olga},
  year={2012},
  school={Michigan State University, East Lansing},
}

@article{kayne2007several,
  title={Several, few and many},
  author={Kayne, Richard S},
  journal={Lingua},
  volume={117},
  number={5},
  pages={832--858},
  year={2007},
  publisher={Elsevier}
}

@incollection{kratzer1998scope,
  title={Scope or pseudoscope? Are there wide-scope indefinites?},
  author={Kratzer, Angelika},
  booktitle={Events and {G}rammar},
  pages={163--196},
  year={1998},
  editor={Rothstein, Susan},
  address={Dordrecht},
  publisher={Kluwer}
}

@article{morzycki2009degree,
  title={Degree modification of gradable nouns: {S}ize adjectives and adnominal degree morphemes},
  author={Morzycki, Marcin},
  journal={Natural {L}anguage {S}emantics},
  volume={17},
  number={2},
  pages={175--203},
  year={2009},
  publisher={Springer}
}

@book{heim_kratzer1998semantics,
  address = {Oxford},
  title={Semantics in {G}enerative {G}rammar},
  author={Heim, Irene and Kratzer, Angelika},
  year={1998},
  publisher={Blackwell Publishing}
}

@book{landman1991structures,
  address = {Dordrecht},
  title={Structures for {S}emantics},
  author={Landman, Fred},
  year={1991},
  publisher={Kluwer}
}

@incollection{montague1973proper,
  title={The proper treatment of quantification in ordinary {E}nglish},
  author={Montague, Richard},
  booktitle={Approaches to {N}atural {L}anguage},
  editor={Hintikka, Jaakko and Moravcsik, Julius and Suppes, Patrick},
  pages={221--242},
  year={1973},
  publisher={Dordrecht},
  address={Reidel}
}

@book{parsons1990events,
  title={Events in the {S}emantics of {E}nglish: {A} {S}tudy in {S}ubatomic {S}emantics},
  author={Parsons, Terence},
  year={1990},
  publisher={MIT Press},
  address={Cambridge, MA}
}

@book{quine1960word,
  title={Word and {O}bject},
  author={Quine, Willard van Orman},
  address={Cambridge, MA},
  publisher={MIT Press},
  year={1960}
}

@incollection{landman2003predicate,
  title={Predicate-argument mismatches and the adjectival theory of indefinites},
  author={Landman, Fred},
  booktitle={From {NP} to {DP}: {V}olume 1: {T}he {S}yntax and {S}emantics of {N}oun {P}hrases},
  editors={Coene, Martine and D'hulst, Yves},
  pages={211--237},
  year={2003},
  address={Amsterdam},
  publisher={John Benjamins}
}

@article{reinhart1997quantifier,
  title={Quantifier scope: {H}ow labor is divided between {QR} and choice functions},
  author={Reinhart, Tanya},
  journal={Linguistics and {P}hilosophy},
  volume={20},
  number={4},
  pages={335--397},
  year={1997},
  publisher={Springer}
}

@inproceedings{testelets_bylinina2005sluicing,
  title={On sluicing-based indefinites},
  author={Testelets, Yakov and Bylinina, Liza},
  booktitle={Formal {A}pproaches to {S}lavic {L}inguistics: {T}he {S}outh {C}arolina {M}eeting 2004},
  editor={Franks, Steven and Gladney, Frank Y and Tasseva-Kurktchieva, Mila},
  volume={13},
  pages={355--364},
  year={2005},
  publisher={Michigan Slavic Publications},
  address={Ann Arbor, MI}
}

@inproceedings{rothstein2013fregean,
  title={A {F}regean semantics for number words},
  author={Rothstein, Susan},
  booktitle={Proceedings of the 19th {A}msterdam {C}olloquium},
  editor={Aloni, Maria and Franke, Michael and Roelofsen, Floris},
  pages={179--186},
  year={2013}
}

@article{kennedy_mcnally2005scale,
  title={Scale structure, degree modification, and the semantics of gradable predicates},
  author={Kennedy, Christopher and McNally, Louise},
  journal={Language},
  pages={345--381},
  year={2005},
  publisher={JSTOR}
}

@article{doetjes2007adverbs,
  title={Adverbs and quantification: {D}egrees versus frequency},
  volume={117},
  number={4},
  journal={Lingua},
  author={Doetjes, Jenny},
  year={2007},
  pages={685--720}
}

@inproceedings{donazzan2013oncounting,
  title={On counting and measuring events},
  booktitle={Proceedings of {S}inn und {B}edeutung 17},
  author={Donazzan, Marta},
  year={2013},
  editor={Chemla, Emmanuel and Homer, Vincent and Winterstein, Gr{\'e}goire},
  pages={219--236}
}

@inproceedings{heim2000degree,
  address={Ithaca, NY},
  title={Degree operators and scope},
  booktitle={Proceedings of {S}emantics and {L}inguistic {T}heory 10},
  author={Heim, Irene},
  year={2000},
  publisher={CLC Publications},
  editor={Jackson, Brendan and Matthews, Tanya},
  pages={40--64}
}

@inproceedings{yanovich2005choice,
  title={Choice-functional series of indefinite pronouns and Hamblin semantics},
  author={Yanovich, Igor},
  booktitle={Proceedings of {S}emantics and {L}inguistic {T}heory 15},
  editor={Georgala, Efthymia and Howell, Jonathan},
  pages={309--326},
  address={Ithaca, NY},
  publisher={CLC Publications},
  year={2005}
}

@article{ionin_matushansky2006composition,
  title={The composition of complex cardinals},
  volume={23},
  number={4},
  journal={Journal of {S}emantics},
  author={Ionin, Tania and Matushansky, Ora},
  year={2006},
  pages={315--360}
}

@article{jackendoff1991parts,
  title={Parts and boundaries},
  author={Jackendoff, Ray},
  journal={Cognition},
  volume={41},
  number={1},
  pages={9--45},
  year={1991},
  publisher={Elsevier}
}

@inproceedings{khrizman_rothstein2013approximative,
  address={Leipzig},
  title={Approximative inversion in {R}ussian as a {M}easure {C}onstruction},
  booktitle={{FDSL} 10},
  author={Khrizman, Keren and Rothstein, Susan},
  year={2013}
}

@incollection{krifka1999atleast,
  address={Oxford},
  title={At least some determiners aren’t determiners},
  publisher={Elsevier},
  booktitle={The {S}emantics/{P}ragmatics {I}nterface from {D}ifferent {P}oints of {V}iew},
  author={Krifka, Manfred},
  editor={Turner, Ken},
  year={1999},
  pages={257--291}
}

@phdthesis{carlson1977reference,
  title={Reference to kinds in {E}nglish},
  school={University of Massachusetts, Amherst},
  author={Carlson, Gregory N},
  year={1977}
}

@book{carlson1980reference,
  title={Reference to {K}inds in {E}nglish},
  author={Carlson, Gregory N},
  address={New York},
  publisher={Garland Publishing},
  year={1980}
}

@incollection{farkas2006unmarked,
  title={The unmarked determiner},
  author={Farkas, Donka},
  booktitle={Non-{D}efiniteness and {P}lurality},
  editor={Vogeleer, Svetlana and Tasmowski, Liliane},
  publisher={John Benjamins},
  address={Amsterdam},
  pages={81--105},
  year={2006}
}

@article{farkas_de_swart2010semantics,
  title={The semantics and pragmatics of plurals},
  author={Farkas, Donka de and Swart, Henri{\"e}tte},
  journal={Semantics and {P}ragmatics},
  volume={3},
  number={6},
  pages={1--54},
  year={2010}
}

@inproceedings{scontras2013accounting,
  title={Accounting for counting: {A} unified semantics for measure terms and classifiers},
  author={Scontras, Gregory},
  booktitle={Proceedings of {S}emantics and {L}inguistic {T}heory 23},
  editor={Snider, Todd},
  pages={549--569},
  address={Ithaca, NY},
  publisher={CLC Publications},
  year={2013}
}

@incollection{selkirk1977some,
  title={Some remarks on noun phrase structure}, 
  author={Selkirk, Elisabeth O},
  booktitle={Formal {S}yntax}, 
  editor={Culicover, Peter and Wasow, Thomas and Akmajian, Adrian}, 
  pages={285--316},
  year={1977},
  publisher={Academic Press},
  address={New York}
}

@incollection{scha1981distributive,
  address={Amsterdam},
  title={Distributive, collective and cumulative quantification},
  publisher={Mathematisch Centrum},
  booktitle={Formal {M}ethods in the {S}tudy of {L}anguage},
  author={Scha, Remko},
  editor={Groenendijk, Jeroen A.G and Janssen, Theo M.V and Stokhof, Martin B.J},
  year={1981},
  pages={483--512}
}

@book{cooper1983quantification,
  title={Quantification and {S}emantic {T}heory},
  author={Cooper, Robin},
  address={Dordrecht},
  publisher={Reidel},
  year={1983}
}

@phdthesis{zlatic1997structure,
  title={The {S}tructure of the {S}erbian {N}oun {P}hrase},
  author={Zlati{\'c}, Larisa},
  year={1997},
  school={University of Texas, Austin}
}

@inproceedings{bale_khanjian2008classifiers,
  title={Classifiers and number marking},
  author={Bale, Alan and Khanjian, Hrayr},
  booktitle={Proceedings of {S}emantics and {L}inguistic {T}heory 18},
  editor={Friedman, Tova and Ito, Satoshi},
  pages={73--89},
  year={2008},
  publisher={CLC Publications},
  address={Ithaca, NY}
}

@article{bale_gagnon_khanjian2011relationship,
  title={On the relationship between morphological and semantic markedness},
  author={Bale, Alan and Gagnon, Micha{\"e}l and Khanjian, Hrayr},
  journal={Morphology},
  volume={21},
  number={2},
  pages={197--221},
  year={2011},
  publisher={Springer}
}

@book{borer2005name,
  title={In {N}ame {O}nly},
  author={Borer, Hagit},
  year={2005},
  publisher={Oxford University Press},
  address={Oxford}
}

@incollection{greenberg1963some,
  title={Some universals of grammar with particular reference to the order of meaningful elements},
  author={Greenberg, Joseph H},
  booktitle={Universals of {H}uman {L}anguage},
  editor={Greenberg, Joseph H},
  pages={73--113},
  year={1963},
  publisher={MIT Press},
  publisher={Cambridge, Mass}
}

@incollection{heim1991artikel,
  title={Artikel und {D}efinitheit},
  author={Heim, Irene},
  booktitle={Semantik: {E}in internationales {H}andbuch der zeitgen{\"o}ssischen {F}orschung},
  editor={von Stechow, Arnim and Wunderlich, Dieter},
  pages={487--535},
  year={1991},
  address={Berlin},
  publisher={de Gruyter}
}

@incollection{kobuchi-philip2006identity,
  title={Identity of the domain of quantification for numerals},
  author={Kobuchi-Philip, Mana},
  booktitle={Non-{D}efiniteness and {P}lurality},
  editor={Vogeleer, Svetlana and Tasmowski, Liliane},
  publisher={John Benjamins},
  address={Amsterdam},
  pages={267--290},
  year={2006}
}

@article{kratzer1989investigation,
  title={An investigation of the lumps of thought},
  author={Kratzer, Angelika},
  journal={Linguistics and {P}hilosophy},
  volume={12},
  number={5},
  pages={607--653},
  year={1989},
  publisher={Springer}
}

@phdthesis{mueller-reichau2011sorting,
  title={Sorting the {W}orld: {O}n the {R}elevance of the {K}ind/{O}bject-{D}istinctions to {R}eferential {S}emantics},
  author={Mueller-Reichau, Olav},
  year={2006},
  school={Leipzig University}
}

@article{pelletier1975nonsingular,
  title={Non-singular reference: {S}ome preliminaries},
  author={Pelletier, Francis Jeffry},
  journal={Philosophia},
  volume={5},
  pages={451-465},
  year={1975}
}

@incollection{roberts1996information,
  title={Information structure: {T}owards an integrated formal theory of pragmatics},
  author={Roberts, Craige},
  booktitle={{OSUWPL} {V}olume 49: {P}apers in {S}emantics},
  editor={Yoon, Jae Hak and Kathol, Andreas},
  pages={1--54},
  year={1996},
  publisher={Ohio State University Department of Linguistics},
  address={Columbus}
}

@incollection{sauerland_et_al2005plural,
  title={The plural is semantically unmarked},
  author={Sauerland, Uli and Anderssen, Jan and Yatsushiro, Kazuko},
  booktitle={Linguistic {E}vidence: {E}mpirical, {T}heoretical, and {C}omputational {P}erspectives},
  editor={Kepser, Stephan and Reis, Marga},
  pages={413--434},
  year={2005},
  publisher={Mouton de Gruyter},
  address={Berlin}
}

@book{greenberg1966language,
  title={Language {U}niversals: {W}ith {S}pecial {R}eference to {F}eature {H}ierarchies},
  author={Greenberg, Joseph H},
  year={1966},
  publisher={Mouton},
  address={The Hague}
}

@book{winter2001flexibility,
  title={Flexibility {P}rinciples in {B}oolean {S}emantics: {T}he {I}nterpretation of {C}oordination, {P}lurality, and {S}cope in {N}atural {L}anguage},
  author={Winter, Yoad},
  year={2001},
  publisher={MIT Press},
  address={Cambridge, MA}
}

@inproceedings{mcnally_boleda2004relational,
  title={Relational adjectives as properties of kinds},
  author={McNally, Louise and Boleda Torrent, Gemma},
  booktitle={Empirical {I}ssues in {F}ormal {S}yntax and {S}emantics: {P}apers from {CSSP} 2003},
  editor={Bonami, Olivier and Cabredo Hofherr, Patricia},
  year={2004},
  pages={179--196},
  address={Paris},
  publisher={Colloque de Syntaxe et S{\'e}mantique {\`a} Paris}
}

@incollection{hoeksema1983plurality,
  title={Plurality and conjunction},
  author={Hoeksema, Jack},
  booktitle={Studies in {M}odeltheoretic {S}emantics},
  editor={ter Meulen, Alice G.B},
  pages={63--83},
  address={Dordrecht},
  publisher={Foris Publications},
  year={1983}
}

@phdthesis{ter_meulen1980substances,
  title={Substances, {Q}uantities and {I}ndividuals: {A} {S}tudy in the {F}ormal {S}emantics of {M}ass {T}erms},
  author={ter Meulen, Alice G.B},
  school={Stanford University},
  year={1980}
}

@article{barner_snedeker2005quantity,
  title={Quantity judgments and individuation: {E}vidence that mass nouns count},
  author={Barner, David and Snedeker, Jesse},
  journal={Cognition},
  volume={97},
  number={1},
  pages={41--66},
  year={2005},
  publisher={Elsevier}
}

@article{lonning1987mass,
  title={Mass terms and quantification},
  author={L{\o}nning, Jan Tore},
  journal={Linguistics and {P}hilosophy},
  volume={10},
  number={1},
  pages={1--52},
  year={1987},
  publisher={Springer}
}

@article{chierchia2010mass,
  title={Mass nouns, vagueness and semantic variation},
  author={Chierchia, Gennaro},
  journal={Synthese},
  volume={174},
  number={1},
  pages={99--149},
  year={2010},
  publisher={Springer}
}

@article{chierchia1998reference,
  title={Reference to kinds across languages},
  author={Chierchia, Gennaro},
  journal={Natural {L}anguage {S}emantics},
  volume={6},
  number={4},
  pages={339--405},
  year={1998},
  publisher={Springer}
}

@incollection{chierchia1998plurality,
  title={Plurality of mass nouns and the notion of `semantic parameter'},
  author={Chierchia, Gennaro},
  booktitle={Events and {G}rammar},
  editor={Rothstein, Susan},
  pages={53--103},
  year={1998},
  address={Dordrecht},
  publisher={Kluwer}
}

@article{chierchia1985formal,
  title={Formal semantics and the grammar of predication},
  author={Chierchia, Gennaro},
  journal={Linguistic {I}nquiry},
  volume={16},
  number={3},
  pages={417--443},
  year={1985},
  publisher={JSTOR}
}

@book{heim_kratzer1998semantics,
  title={Semantics in {G}enerative {G}rammar},
  author={Heim, Irene and Kratzer, Angelika},
  year={1998},
  publisher={Blackwell Publishing},
  address={Oxford}
}

@article{ritchie2013whataregroups,
  title={What are groups?},
  author={Ritchie, Katherine},
  journal={Philosophical {S}tudies},
  volume={166},
  number={2},
  pages={257--272},
  year={2013},
  publisher={Springer}
}

@phdthesis{ritchie2013groups,
  title={Groups: {A} {S}emantic and {M}etaphysical {E}xamination},
  author={Ritchie, Katherine Claire},
  year={2013},
  school={University of Texas, Austin}
}

@article{saloni2009socalled,
  title={So-called collective numerals in {P}olish (in comparison with {R}ussian)},
  author={Saloni, Zygmunt},
  journal={Studies in {P}olish {L}inguistics},
  volume={5},
  pages={49--62},
  year={2009}
}

@book{acquaviva2008lexical,
  title={Lexical {P}lurals: {A} {M}orphosemantic {A}pproach},
  author={Acquaviva, Paolo},
  volume={19},
  year={2008},
  publisher={Oxford University Press},
  address={Oxford}
}

@article{ojeda1995semantics,
  title={The semantics of the {I}talian double plural},
  author={Ojeda, Almerindo E},
  journal={Journal of {S}emantics},
  volume={12},
  number={3},
  pages={213--237},
  year={1995},
  publisher={Oxford University Press}
}

@article{varzi2006note,
  title={A note on the transitivity of parthood},
  author={Varzi, Achille C},
  journal={Applied {O}ntology},
  volume={1},
  number={2},
  pages={141--146},
  year={2006},
  publisher={IOS Press}
}

@incollection{varzi2016mereology,
  author={Varzi, Achille C},
  title={Mereology},
  booktitle={The {S}tanford {E}ncyclopedia of {P}hilosophy},
  editor={Zalta, Edward N},
  year={2016},
  edition={Winter 2016},
  publisher={Metaphysics Research Lab, Stanford University}
}

@article{pianesi2002friederike,
  title={Friederike {M}oltmann, `{P}arts and {W}holes in {S}emantics'},
  author={Pianesi, Fabio},
  journal={Linguistics and {P}hilosophy},
  volume={25},
  number={1},
  pages={97--120},
  year={2002},
  publisher={Springer}
}

@article{khrizman2016functional,
  title={Functional unit classifiers in (non)-classifier {R}ussian},
  author={Khrizman, Keren},
  journal={Baltic {I}nternational {Y}earbook of {C}ognition, {L}ogic and {C}ommunication},
  volume={11},
  number={1},
  pages={5},
  year={2016},
  publisher={New Prairie Press}
}

@phdthesis{hinrichs1985compositional,
  title={A {C}ompositional {S}emantics for {A}ktionsarten and {NP} {R}eference in {E}nglish},
  author={Hinrichs, Erhard W},
  year={1985},
  school={Ohio State University, Columbus}
}

@phdthesis{de_vries2015shifting,
  title={Shifting {S}ets, {H}idden {A}toms: {T}he {S}emantics of {D}istributivity, {P}lurality and {A}nimacy},
  author={de Vries, Hannah},
  year={2015},
  school={Utrecht University}
}

@article{landman2011count,
  title={Count nouns -- mass nouns, neat nouns -- mess nouns},
  author={Landman, Fred},
  journal={Baltic {I}nternational {Y}earbook of {C}ognition, {L}ogic and {C}ommunication},
  volume={6},
  number={1},
  pages={12},
  year={2011},
  publisher={New Prairie Press}
}

@article{landman2016iceberg,
  title={Iceberg semantics for count nouns and mass nouns: {C}lassifiers, measures and portions},
  author={Landman, Fred},
  journal={Baltic {I}nternational {Y}earbook of {C}ognition, {L}ogic and {C}ommunication},
  volume={11},
  number={1},
  pages={6},
  year={2016},
  publisher={New Prairie Press}
}

@incollection{landman2006indefinite,
  title={Indefinite time-phrases, in situ-scope, and dual-perspective intensionality},
  author={Landman, Fred},
  booktitle={Non-{D}efiniteness and {P}lurality},
  editor={Vogeleer, Svetlana and Tasmowski, Liliane},
  publisher={John Benjamins},
  address={Amsterdam},
  year={2006},
  pages={237}
}

@incollection{landman1997plurality,
  address={Oxford},
  title={Plurality},
  publisher={Blackwell Publishing},
  booktitle={The {H}andbook of {C}ontemporary {S}emantic {T}heory},
  author={Landman, Fred},
  editor={Lappin, Shalom},
  year={1997},
  pages={297--322}
}

@book{landman2000events,
  title={Events and {P}lurality: {T}he {J}erusalem {L}ectures},
  author={Landman, Fred},
  year={2000},
  address={Dordrecht},
  publisher={Kluwer Academic Publishers}
}

@book{landman2004indefinites,
  title={Indefinites and the {T}ype of {S}ets},
  author={Landman, Fred},
  year={2004},
  address={Oxford},
  publisher={Blackwell Publishing}
}

@book{lasersohn1995plurality,
  address={Boston},
  title={Plurality, {C}onjunction and {E}vents},
  publisher={Kluwer Academic Publishers},
  author={Lasersohn, Peter},
  year={1995}
}

@article{rett2014measure,
  title={Measure phrase equatives and modified numerals},
  journal={Journal of {S}emantics},
  author={Rett, Jessica},
  year={2014},
  pages={ffu004}
}

@article{rett2014polysemy,
  title={The polysemy of measurement},
  volume={143},
  journal={Lingua},
  author={Rett, Jessica},
  year={2014},
  pages={242--266}
}

@article{schulz_van_rooij2006pragmatic,
  title={Pragmatic meaning and non-monotonic reasoning: {T}he case of exhaustive interpretation},
  volume={29},
  number={2},
  journal={Linguistics and {P}hilosophy},
  author={Schulz, Katrin and van Rooij, Robert},
  year={2006},
  pages={205--250}
}

@article{schwarzschild2008semantics,
  title={The semantics of comparatives and other degree constructions},
  volume={2},
  number={2},
  journal={Language and {L}inguistics {C}ompass},
  author={Schwarzschild, Roger},
  year={2008},
  pages={308--331}
}

@phdthesis{von_fintel1994restrictions,
  title={Restrictions on {Q}uantifier {D}omains},
  school={University of Massachusetts, Amherst},
  author={von Fintel, Kai},
  year={1994}
}

@article{von_stechow1984comparing,
  title={Comparing semantic theories of comparison},
  volume={3},
  number={1},
  journal={Journal of {S}emantics},
  author={von Stechow, Arnim},
  year={1984},
  pages={1--77}
}

